@book{cormenIntroduction,
  title={Introduction to algorithms},
  author={Cormen, Thomas H and Leiserson, Charles E and Rivest, Ronald L and Stein, Clifford},
  year={2022},
  publisher={MIT press}
}

@book{sedgewick1998algorithms,
  title={Algorithms in C++, parts 1-4: fundamentals, data structure, sorting, searching},
  author={Sedgewick, Robert},
  year={1998},
  publisher={Pearson Education}
}

@book{skiena1998algorithm,
  title={The algorithm design manual},
  author={Skiena, Steven S},
  volume={2},
  year={1998},
  publisher={Springer}
}

@article{al2013review,
  title={Review on sorting algorithms a comparative study},
  author={Al-Kharabsheh, Khalid Suleiman and AlTurani, Ibrahim Mahmoud and AlTurani, Abdallah Mahmoud Ibrahim and Zanoon, Nabeel Imhammed},
  journal={International Journal of Computer Science and Security (IJCSS)},
  volume={7},
  number={3},
  pages={120--126},
  year={2013}
}

@article{hammad2015comparative,
  title={A comparative study between various sorting algorithms},
  author={Hammad, Jehad},
  journal={International Journal of Computer Science and Network Security (IJCSNS)},
  volume={15},
  number={3},
  pages={11},
  year={2015},
  publisher={International Journal of Computer Science and Network Security}
}
